@article{
	author = {{I. Nikiteas and D. M. Heyes}},
	Xdoi = {10.1016/S0022-4073(03)00260-7},
	Xisbn = {0022-4073},
	journal = {{In preparation}},
	Xmonth = {apr},
	Xnumber = {4},
	Xpages = {423--435},
	title = {{Molecular Dynamics simulations of very soft particles near the continuum limit}},
	Xvolume = {84},
	year = {2018}
}